@article{Madsen,
author = {Madsen, Jens Kargaard},
file = {:D$\backslash$:/Data/Documents/GitHub/Wireless-Sensor-Networks/Lecture 5B - Lab exercise - Energy {\&} Power consumption(1).pdf:pdf},
journal = {Department of Engineering, AU},
pages = {1--3},
title = {{Lab exercise - Energy {\&} Power consumption}},
year = {2018}
}
@misc{wifi,
author = {Farproc@gmail.com},
title = {{Wifi Analyzer}},
url = {https://play.google.com/store/apps/details?id=com.farproc.wifi.analyzer{\&}hl=en{\_}US http://wifianalyzer.mobi},
year = {2018}
}
@book{Ieee,
author = {Ieee, Ghz and Transceiver, Zigbee-ready R F},
file = {::},
publisher = {Texas Instrument},
title = {{Cc2420 Cc2420}}
}
@article{CrossbowTechnologyInc.2004,
author = {{Crossbow Technology Inc.}},
doi = {6020-0094-01 Rev. B},
file = {:D$\backslash$:/Data/Documents/GitHub/Wireless-Sensor-Networks/TelosB{\_}Datasheet.pdf:pdf},
pages = {1--2},
title = {{TelosB Mote Platform}},
year = {2004}
}
